@article{chen2023,
	title = {{\textquoteleft}China{\textquoteright} as a {\textquoteleft}Black Box?{\textquoteright} Rethinking methods through a sociotechnical perspective},
	author = {Chen, Yuchen and Lu, Alex Jiahong and Wu, Angela Xiao},
	year = {2023},
	month = {01},
	date = {2023-01-03},
	journal = {Information, Communication & Society},
	pages = {253--269},
	volume = {26},
	number = {2},
	doi = {10.1080/1369118x.2022.2159488},
	url = {http://dx.doi.org/10.1080/1369118X.2022.2159488},
	langid = {en}
}

@article{jiang2021,
	title = {Diachronic Lexical Features of Chinese Government Work Reports: A Text Mining Approach},
	author = {Jiang, Yan},
	year = {2021},
	date = {2021},
	journal = {Advances in Social Science, Education and Humanities Research},
	doi = {10.2991/assehr.k.210407.140},
	url = {http://dx.doi.org/10.2991/assehr.k.210407.140}
}

 
@Misc{Economist2023,
  author  = {{The Economist}},
  title   = {Why {Xi} {Jinping} is not another {Chairman} {Mao}},
  year    = {2023},
  issn    = {0013-0613},
  url     = {https://www.economist.com/china/2023/04/05/why-xi-jinping-is-not-another-chairman-mao},
  urldate = {2024-04-09},
}

 
@Misc{Milanovic2023,
  author   = {Milanovic, Branko},
  month    = dec,
  title    = {Xi {Jinping} is not {Mao} reborn},
  year     = {2023},
  abstract = {China's economic decline has been vastly exaggerated},
  journal  = {UnHerd},
  language = {en-GB},
  url      = {https://unherd.com/2023/12/xi-jinping-is-not-mao-reborn/},
  urldate  = {2024-04-09},
}

@Misc{Matson2022,
  author = {Emily Matson},
  title  = {Why it’s misleading to call {Xi} {Jinping} the “new {Mao}”},
  year   = {2022},
  url    = {https://nuvoices.com/2022/10/03/why-its-misleading-to-call-xi-jinping-the-new-mao/},
}

 
@Misc{Wang,
  author     = {Haiyan Wang},
  title      = {Example: {Chinese} text analysis},
  abstract   = {quanteda},
  language   = {en},
  shorttitle = {Example},
  url        = {https://quanteda.io/articles/pkgdown/examples/chinese.html},
  urldate    = {2024-04-09},
}

 
@Misc{Hsu2023,
  author   = {Sara Hsu},
  title    = {Is {China}’s {Reform} and {Opening} {Era} {Over}?},
  year     = {2023},
  abstract = {Xi changed China’s trajectory from the “Reform and Opening Up” of his predecessors toward a more internal and state-focused model of economic development.},
  language = {en-US},
  url      = {https://thediplomat.com/2023/02/is-chinas-reform-and-opening-era-over/},
  urldate  = {2024-04-10},
}

 
@Misc{Horsley2023,
  author   = {Jamie Horsley},
  title    = {What {Is} the {State} of the {Chinese} {State}?},
  year     = {2023},
  abstract = {Pronouncements of its demise amid a strengthening of CCP control may be premature.},
  language = {en-US},
  url      = {https://thediplomat.com/2023/09/what-is-the-state-of-the-chinese-state/},
  urldate  = {2024-04-10},
}


@article{roberts2014,
	title = {Structural Topic Models for Open{-}Ended Survey Responses},
	author = {Roberts, Margaret E. and Stewart, Brandon M. and Tingley, Dustin and Lucas, Christopher and {Leder{-}Luis}, Jetson and Gadarian, Shana Kushner and Albertson, Bethany and Rand, David G.},
	year = {2014},
	month = {03},
	date = {2014-03-06},
	journal = {American Journal of Political Science},
	pages = {1064--1082},
	volume = {58},
	number = {4},
	doi = {10.1111/ajps.12103},
	url = {http://dx.doi.org/10.1111/ajps.12103},
	langid = {en}
}

@article{blei2007,
	title = {A correlated topic model of Science},
	author = {Blei, David M. and Lafferty, John D.},
	year = {2007},
	month = {06},
	date = {2007-06-01},
	journal = {The Annals of Applied Statistics},
	volume = {1},
	number = {1},
	doi = {10.1214/07-aoas114},
	url = {http://dx.doi.org/10.1214/07-AOAS114}
}

@Article{blei2003,
  author  = {Blei, David M. and Ng, Andrew Y. and Jordan, Michael I.},
  journal = {Journal of machine Learning research},
  title   = {Latent dirichlet allocation},
  year    = {2003},
  number  = {Jan},
  pages   = {993--1022},
  volume  = {3},
}


@Article{c2007,
  author  = {Oleg Nenadic and Greenacre, Michael},
  journal = {Journal of Statistical Software},
  title   = {Correspondence Analysis in{\emph{R}}, with Two- and Three-dimensional Graphics: The{\textbf{ca}}Package},
  year    = {2007},
  number  = {3},
  volume  = {20},
  date    = {2007},
  doi     = {10.18637/jss.v020.i03},
  langid  = {en},
  url     = {http://dx.doi.org/10.18637/jss.v020.i03},
}

@Misc{CPPCC2023,
  author = {CPPCC},
  title  = {习近平在广东考察时强调：坚定不移全面深化改革扩大高水平对外开放 在推进中国式现代化建设中走在前列 [During his inspection in Guangdong, Xi Jinping emphasized: Unswervingly comprehensively deepen reform and expand high-level opening up to the outside world, and be at the forefront of promoting Chinese-style modernization.]},
  year   = {2023},
  url    = {https://www.gov.cn/yaowen/2023-04/13/content_5751308.htm},
}


@article{slapin2008,
	title = {A Scaling Model for Estimating Time{-}Series Party Positions from Texts},
	author = {Slapin, Jonathan B. and Proksch, {Sven{-}Oliver}},
	year = {2008},
	month = {07},
	date = {2008-07},
	journal = {American Journal of Political Science},
	pages = {705--722},
	volume = {52},
	number = {3},
	doi = {10.1111/j.1540-5907.2008.00338.x},
	url = {http://dx.doi.org/10.1111/j.1540-5907.2008.00338.x},
	langid = {en}
}

@Comment{jabref-meta: databaseType:bibtex;}
